% !Mode:: "TeX:UTF-8"

@book{2002原子核物理,
  language   ="zh",
  title={原子核物理},
  author={杨福家 and 王炎森 and 陆福全},
  publisher={复旦大学出版社},
  year={2002},
  pages={194-219},
  address={上海},
  typeoflit={M},
  language={zh},
}

@article{陆宁2020核辐射防护服研制,
  title={核辐射防护服研制},
  author={陆宁},
  journal={现代橡胶技术},
  volume={v.46;No.216},
  number={03},
  pages={10-13},
  year={2020},
  language={zh},
}

@article{李善荣2020核辐射防护材料的研究进展,
  title={核辐射防护材料的研究进展},
  author={李善荣 and 陆恒玉 and 陶刚 and 俸洪舜 and 孙乐华},
  journal={现代橡胶技术},
  volume={46},
  number={3},
  pages={1-5},
  year={2020},
  language={zh},
}

@book{霍雷2015辐射剂量与防护,
  title={辐射剂量与防护},
  author={霍雷 and 刘剑利 and 马永和},
  publisher={电子工业出版社},
  year={2015},
  address={北京},
  typeoflit={M},
  pages={64-75 and 98-102},
  language={zh},
}

@incollection{slayman2011jedec,
  title={JEDEC standards on measurement and reporting of alpha particle and terrestrial cosmic ray induced soft errors},
  author={Slayman, Charles},
  booktitle={Soft Errors in Modern Electronic Systems},
  pages={55--76},
  year={2011},
  publisher={Springer}
}

@ARTICLE{8892478,
  author={Auden, Elizabeth C. and Quinn, Heather M. and Wender, Stephen A. and O’Donnell, John M. and Lisowski, Paul W. and George, Jeffrey S. and Xu, Ning and Black, Dolores A. and Black, Jeffrey D.},  
  journal={IEEE Transactions on Nuclear Science},   
  title={Thermal Neutron-Induced Single-Event Upsets in Microcontrollers Containing Boron-10},   
  year={2020},  
  volume={67},  
  number={1},  
  pages={29-37},  
  doi={10.1109/TNS.2019.2951996},
}

@article{沈自才2020航天器空间辐射防护材料与防护结构,
  title={航天器空间辐射防护材料与防护结构},
  author={沈自才 and 夏彦 and 杨艳斌 and 丁义刚 and 赵春晴},
  journal={宇航材料工艺},
  volume={50},
  number={2},
  pages={1--7},
  year={2020},
  language={zh},
}

@article{2008Overview,
  title={Overview Of Update To Ansi/ans-6.4.3-1991 Gamma-ray Buildup Factors},
  author={ Luis, A.  and Durani and  Charlotta, E.  and Sanders},
  journal={Transactions of the American Nuclear Society},
  volume={99},
  pages={p.615-617},
  year={2008},
}

@article{向辉云0某工业γ射线探伤室的屏蔽设计与监测评价,
  title={某工业γ射线探伤室的屏蔽设计与监测评价},
  author={向辉云 and 奚月明 and 张巍 and 常青 and 贾力博},
  journal={大众科技},
  volume={22},
  number={6},
  pages={8-26},
  language={zh},
  year={2020},
}

@article{石勇2019无铅复合屏蔽材料的研究,
  title={无铅复合屏蔽材料的研究},
  author={石勇 and 陈宝 and 张龙 and 于宏燕 and 陈研},
  journal={安全},
  number={12},
  year={2019},
  pages={77-81},
  language={zh},
}

@article{王军成2020MCNP,
  title={MCNP模拟研究γ射线散射对屏蔽检测结果的影响},
  author={王军成 and 杨毓枢 and 陈嘉浪 and 王旭},
  journal={科技视界},
  number={7},
  pages={202-205},
  year={2020},
  language={zh},
}

@article{赵原2019不同计算模型对水中γ射线吸收剂量累积因子的影响,
  title={不同计算模型对水中γ射线吸收剂量累积因子的影响},
  author={赵原 and 李华 and 刘立业 and 肖运实 and 熊万春 and 卫晓峰},
  journal={辐射防护},
  number={4},
  year={2019},
  pages={274-279},
  language={zh},
}

@article{李华2017介质尺寸对水中γ射线吸收剂量累积因子的影响,
  title={介质尺寸对水中γ射线吸收剂量累积因子的影响},
  author={李华 and 赵原 and 刘立业 and 肖运实 and 李君利},
  journal={清华大学学报：自然科学版},
  volume={57},
  number={5},
  pages={525-529},
  year={2017},
  language={zh},
}

@article{李雪琴2013辐照装置屏蔽厚度计算的方法研究与评价,
  title={辐照装置屏蔽厚度计算的方法研究与评价},
  author={李雪琴 and 彭建亮 and 陈栋梁 and 邢劲松},
  journal={中国辐射卫生},
  volume={22},
  number={2},
  pages={157-159},
  year={2013},
  language={zh},
}

@article{周文明2017两种不同经验公式法计算累积因子的比较,
  title={两种不同经验公式法计算累积因子的比较},
  author={周文明 and 战景明 and 郝杰},
  journal={中国辐射卫生},
  number={4},
  year={2017},
  pages={424-425},
  language={zh},
  
}

@article{785656,
  author = {D Trubey and C Eisenhauer and A Foderaro and D Gopinath and Y Harima and J Hubbell and K Shure and S Su},
  title = {Gamma-Ray Attenuation Coefficients and Buildup Factors for Engineering Materials},
  year = {1991},
  publisher = {American National Standard ANSI/ANS-},
  language = {en},
}

@book{中国科学院工程力学研究所1977γ射线屏蔽参数手册,
  title={γ射线屏蔽参数手册},
  author={中国科学院工程力学研究所},
  publisher={原子能出版社},
  year={1977},
  address={北京},
  pages={98},
  language={zh},
}